@misc{cloudkitchens,
  author = {CloudKitchens},
  title = {Multi-channel, multi-location menu management},
  year = {2024},
  month = {September},
  day = {16},
  url  = {https://techblog.cloudkitchens.com/p/multi-channel-multi-location-menu},
  note = {Accessed: 2025-05-05}
}
}

@misc{kaggle2016menu,
  author = {Kaggle},
  title = {Restaurant menu dataset},
  year = {2016},
  month = {November},
  url = {https://www.kaggle.com/datasets/nypl/whats-on-the-menu},
  note = {Accessed: 2025-05-05}
}