@misc{dolthub_menus,
  title = {Menus Dataset},
  author = {{DoltHub}},
  year = {2022},
  note = {\url{https://www.dolthub.com/repositories/dolthub/menus/data/master}},
  howpublished = {\url{https://www.dolthub.com/repositories/dolthub/menus/data/master}}
}

@misc{yelp_open_dataset,
  title = {Yelp Open Dataset},
  author = {{Yelp}},
  year = {2025},
  note = {\url{https://business.yelp.com/data/resources/open-dataset/}},
  howpublished = {\url{https://business.yelp.com/data/resources/open-dataset/}}
}

@misc{nypl_menu,
  title = {What's on the Menu? Dataset},
  author = {{New York Public Library}},
  year = {2019},
  note = {\url{https://www.kaggle.com/datasets/nypl/whats-on-the-menu/data}},
  howpublished = {\url{https://www.kaggle.com/datasets/nypl/whats-on-the-menu/data}}
}

@misc{ubereats_dataset,
  title = {Uber Eats USA Restaurants and Menus Dataset},
  author = {Ahmed Shahriar Sakib},
  year = {2023},
  note = {\url{https://www.kaggle.com/datasets/ahmedshahriarsakib/uber-eats-usa-restaurants-menus/data}},
  howpublished = {\url{https://www.kaggle.com/datasets/ahmedshahriarsakib/uber-eats-usa-restaurants-menus/data}}
}

@article{sreekala2020popularity,
  author = {Sreekala, Keshetti},
  title = {Popularity-Based Recommendation System},
  year = {2020},
  journal = {ResearchGate},
  note = {\url{https://www.researchgate.net/publication/355773477}}
}

@misc{chitalia2023yelp,
  author = {Chitalia, A.},
  title = {Yelp Popularity Score Calculator},
  year = {2023},
  howpublished = {\url{https://scholarworks.sjsu.edu/etd_projects/1261}}
}

@article{alrubaye2020github,
  author       = {Al-Rubaye, S. and Sukthankar, G.},
  title        = {Popularity-Based Ranking of GitHub Repositories},
  journal      = {IEEE},
  year         = {2020},
  url          = {https://ieeexplore.ieee.org/document/9458206}
}

@article{gomezuribe2016netflix,
  title={The Netflix Recommender System: Algorithms, Business Value, and Innovation},
  author={Gomez-Uribe, Carlos A. and Hunt, Neil},
  journal={ACM Transactions on Management Information Systems (TMIS)},
  volume={6},
  number={4},
  pages={13:1--13:19},
  year={2016},
  publisher={ACM},
  doi={10.1145/2843948},
  url={https://dl.acm.org/doi/10.1145/2843948}
}