@misc{sakib2023ubereats,
  author       = {Ahmed Shahriar Sakib},
  title        = {Uber Eats USA Restaurants and Menus},
  year         = {2023},
  howpublished = {\url{https://www.kaggle.com/datasets/ahmedshahriarsakib/uber-eats-usa-restaurants-menus}},
  note         = {Dataset, Kaggle}
}

@misc{keshetti2020popularity,
  author       = {Keshetti Sreekala},
  title        = {Popularity-Based Recommendation System},
  year         = {2020},
  howpublished = {\url{https://www.researchgate.net/publication/355773477}},
  note         = {ResearchGate}
}

@misc{chitalia2023yelp,
  author       = {Chitalia, A.},
  title        = {Yelp Popularity Score Calculator},
  year         = {2023},
  howpublished = {\url{https://scholarworks.sjsu.edu/etd_projects/1261}},
  note         = {San Jos√© State University}
}

@article{alrubaye2020github,
  author       = {Al-Rubaye, S. and Sukthankar, G.},
  title        = {Popularity-Based Ranking of GitHub Repositories},
  journal      = {IEEE},
  year         = {2020},
  url          = {https://ieeexplore.ieee.org/document/9458206}
}